<?xml version="1.0" encoding="UTF-8"?><collection><record><leader>05114ntm a2200553 a 4500</leader><controlfield tag="001">006796316</controlfield><controlfield tag="003">MiAaHDL</controlfield><controlfield tag="005">20190719000000.0</controlfield><controlfield tag="006">m        d        </controlfield><controlfield tag="007">cr bn ---auaua</controlfield><controlfield tag="008">090521q18651866xx            00| ||ara d</controlfield><datafield tag="035" ind1=" " ind2=" "><subfield code="a">(MiU)006796316</subfield></datafield><datafield tag="035" ind1=" " ind2=" "><subfield code="a">sdr-miu006796316</subfield></datafield><datafield tag="040" ind1=" " ind2=" "><subfield code="a">MiU</subfield><subfield code="c">MiU</subfield><subfield code="e">amremm</subfield></datafield><datafield tag="043" ind1=" " ind2=" "><subfield code="a">n-us-mi</subfield></datafield><datafield tag="245" ind1="0" ind2="0"><subfield code="6">880-03</subfield><subfield code="a">[Calligraphic specimen,</subfield><subfield code="f">ca. 1282, i.e. 1865 or 1866].</subfield></datafield><datafield tag="260" ind1=" " ind2=" "><subfield code="a">[Istanbul?,</subfield><subfield code="c">ca. 1865 or 1866].</subfield></datafield><datafield tag="300" ind1=" " ind2=" "><subfield code="a">4 panels :</subfield><subfield code="b">paper ;</subfield><subfield code="c">217 x 260 (92 x 157) mm.</subfield></datafield><datafield tag="500" ind1=" " ind2=" "><subfield code="a">Shelfmark: Ann Arbor, University of Michigan, Special Collections Library, Isl. Ms. 241</subfield></datafield><datafield tag="500" ind1=" " ind2=" "><subfield code="a">Origin: As appears at the close of each piece (kıta), executed by es-Seyit el-Hac Mustafa İzzet. In three of the signatures he includes "known as Reisülulema". He has signed the final piece "Bende-yi Al-i aba, Seyit İzzet Mustafa," a modest expression which, according to M. Uğur Derman (see Letters in gold, p.118), he preferred to use in his later years. Only one of the pieces is dated 1282 [1865 or 6] with the others likely completed around the same time or slightly later.</subfield></datafield><datafield tag="500" ind1=" " ind2=" "><subfield code="a">Former shelfmark: "570 T.D.M. [i.e. Tammaro De Marinis]" and "93" in pencil on opening panel.</subfield></datafield><datafield tag="500" ind1=" " ind2=" "><subfield code="a">Binding: Boards now covered in green and black mottled paper (sponge painted or faux marbled look, traces of another paper underneath) with dark purple to black leather over spine ; Type III binding (without flap) ; boards lined in same mottled paper ; panels hinged together in accordion format with same dark purple to black leather and hinged into case ; overall in fairly good condition with some abrasion and staining.</subfield></datafield><datafield tag="500" ind1=" " ind2=" "><subfield code="a">Support: Written area on well-burnished paper, pieced, set into frames of blue and orange-tinted paper, and mounted.</subfield></datafield><datafield tag="500" ind1=" " ind2=" "><subfield code="a">Decoration: Written area and divisions within surrounded by frames of gold defined by further gold and black fillets ; illuminated textual dividers in the form of gold rosettes with red and green-blue accents.</subfield></datafield><datafield tag="500" ind1=" " ind2=" "><subfield code="a">Script: Exquisite specimen of Ottoman calligraphy ; large opening line of each panel in thuluth (sülüs), followed by four lines in naskh (nesih).</subfield></datafield><datafield tag="500" ind1=" " ind2=" "><subfield code="a">Layout: Written in 5 lines per page, one large line of thuluth and four smaller lines of naskh.</subfield></datafield><datafield tag="500" ind1=" " ind2=" "><subfield code="a">Collation: Four panels hinged together in accordion (concertina) format ; opens vertically.</subfield></datafield><datafield tag="500" ind1=" " ind2=" "><subfield code="a">Colophon: [1] "حرره السيد الحاج مصطفى عزت المعروف برئيس العلماء غفر الله ذنوبه وستر عيوبه امين" ; [2] "حرره السيد الحاج مصطفى عزت المعروف برئيس العلماء غفر الله ذنوبه امين سنة ١٢٨٢" ; [3] "حرره السيد الحاج مصطفى عزت المعروف برئيس العلماء غفر الله ذنوبه وستر عيوبه امين" ; [4] "بندۀ آل عبا سيد عزت مصطفى"</subfield></datafield><datafield tag="500" ind1=" " ind2=" "><subfield code="a">Incipit: "اذكروا الله ذكرا كثيرا قال رسول الله صلوات الله عليه وسلامه مثل الذي يذكر ربه والذي لا يذكر ربه مثل الحي والميت ..."</subfield></datafield><datafield tag="500" ind1=" " ind2=" "><subfield code="a">Title supplied by cataloguer.</subfield></datafield><datafield tag="500" ind1=" " ind2=" "><subfield code="a">Ms. codex.</subfield></datafield><datafield tag="510" ind1="4" ind2=" "><subfield code="a">Rado, Şevket. Türk hattatları : XV. yüzyıldan günümüze kadar gelmiş ünlü hattatların hayatları ve yazılarından örnekler. (Istanbul : Yayın Matbaacılık Ticaret Limited Şti., [1984?]),</subfield><subfield code="c">pp.216-217</subfield></datafield><datafield tag="510" ind1="4" ind2=" "><subfield code="a">Derman, M. Uğur. Letters in gold : Ottoman calligraphy from the Sakıp Sabancı collection, Istanbul. (New York : Metropolitian Museum of Art : Distributed by H.N. Abrams, c1998),</subfield><subfield code="c">pp.116-119.</subfield></datafield><datafield tag="510" ind1="4" ind2=" "><subfield code="a">Serin, Muhittin. “Amerika Birleşik Devletleri’ndeki Bazı Kütüphanelerde Bulunan İslam El Yazma Eserleri ve Michigan Üniversitesi II. Abdülhamid Koleksiyonu,” Akademik Araştırmalar Dergisi 2, 4-5, (2000).</subfield></datafield><datafield tag="520" ind1="8" ind2=" "><subfield code="a">Exquisite album of calligraphy (muraqqaʻ / murakkaa) of four kıtalar employing ḥadīth of the Prophet executed by the renowned Ottoman calligrapher Kazasker (Kadıasker) Mustafa İzzet Efendi (d.1876).</subfield></datafield><datafield tag="538" ind1=" " ind2=" "><subfield code="a">Mode of access: Internet.</subfield></datafield><datafield tag="541" ind1=" " ind2=" "><subfield code="c">Purchase ;</subfield><subfield code="a">Acquired by purchase (funds donated by Horace Rackham).</subfield><subfield code="d">1924.</subfield></datafield><datafield tag="546" ind1=" " ind2=" "><subfield code="a">Arabic.</subfield></datafield><datafield tag="561" ind1=" " ind2=" "><subfield code="a">Inscriptions in pencil "570 T.D.M. [i.e. Tammaro De Marinis]" and "93" in pencil on opening panel ; clean copy.</subfield></datafield><datafield tag="650" ind1=" " ind2="0"><subfield code="a">Manuscripts, Arabic</subfield><subfield code="z">Michigan</subfield><subfield code="z">Ann Arbor.</subfield></datafield><datafield tag="650" ind1=" " ind2="0"><subfield code="a">Islamic calligraphy</subfield><subfield code="v">Specimens.</subfield></datafield><datafield tag="650" ind1=" " ind2="0"><subfield code="a">Writing, Arabic</subfield><subfield code="v">Specimens.</subfield></datafield><datafield tag="650" ind1=" " ind2="0"><subfield code="a">Calligraphy, Arabic</subfield><subfield code="v">Specimens.</subfield></datafield><datafield tag="650" ind1=" " ind2="0"><subfield code="a">Calligraphy, Ottoman</subfield><subfield code="v">Specimens.</subfield></datafield><datafield tag="700" ind1="0" ind2=" "><subfield code="a">Abdülhamid</subfield><subfield code="b">II,</subfield><subfield code="c">Sultan of the Turks,</subfield><subfield code="d">1842-1918,</subfield><subfield code="e">former owner.</subfield></datafield><datafield tag="700" ind1="0" ind2=" "><subfield code="6">880-01</subfield><subfield code="a">Mustafa İzzet Efendi,</subfield><subfield code="d">1801-1876,</subfield><subfield code="e">calligrapher.</subfield></datafield><datafield tag="773" ind1="0" ind2=" "><subfield code="a">Abdul Hamid Collection.</subfield></datafield><datafield tag="880" ind1="0" ind2=" "><subfield code="6">700-01/</subfield><subfield code="a">مصطفى عزت افندى،</subfield><subfield code="e">خطاط.</subfield></datafield><datafield tag="880" ind1="0" ind2="0"><subfield code="6">245-03/</subfield><subfield code="a">[مرقع حسن الخط,</subfield><subfield code="f">ح 1282ه, 1865 او 1866م].</subfield></datafield><datafield tag="CID" ind1=" " ind2=" "><subfield code="a">006796316</subfield></datafield><datafield tag="DAT" ind1="0" ind2=" "><subfield code="a">20190719102636.0</subfield><subfield code="b">20190719000000.0</subfield></datafield><datafield tag="DAT" ind1="1" ind2=" "><subfield code="a">20190719090653.0</subfield><subfield code="b">2019-07-19T16:11:16Z</subfield></datafield><datafield tag="DAT" ind1="2" ind2=" "><subfield code="a">2015-10-02T18:00:03Z</subfield></datafield><datafield tag="CAT" ind1=" " ind2=" "><subfield code="a">SDR-MIU</subfield><subfield code="d">EX LIBRIS - ALEPH</subfield><subfield code="l">prepare.pl-004-008</subfield></datafield><datafield tag="FMT" ind1=" " ind2=" "><subfield code="a">BK</subfield></datafield><datafield tag="HOL" ind1=" " ind2=" "><subfield code="0">sdr-miu006796316</subfield><subfield code="a">MiU</subfield><subfield code="b">SDR</subfield><subfield code="c">MIU</subfield><subfield code="p">mdp.39015088423101</subfield><subfield code="s">MIU</subfield><subfield code="1">006796316</subfield></datafield><datafield tag="974" ind1=" " ind2=" "><subfield code="b">MIU</subfield><subfield code="c">MIU</subfield><subfield code="d">20190719</subfield><subfield code="s">lit-dlps-dc</subfield><subfield code="u">mdp.39015088423101</subfield><subfield code="y">1866</subfield><subfield code="r">pd</subfield><subfield code="q">bib</subfield><subfield code="t">non-US bib date2 &lt; 1879</subfield></datafield></record></collection>